<record><leader>00000cas a22000007a 4500</leader><controlfield tag="001">26715673</controlfield><controlfield tag="008">921002d188u1899nyuwr ne      0    0eng d</controlfield><datafield ind1=" " ind2=" " tag="010"><subfield code="a">sn 92062124 </subfield></datafield><datafield ind1=" " ind2=" " tag="040"><subfield code="a">NYS</subfield><subfield code="b">eng</subfield><subfield code="c">NYS</subfield><subfield code="d">OCLCQ</subfield></datafield><datafield ind1=" " ind2=" " tag="042"><subfield code="a">msc</subfield></datafield><datafield ind1="0" ind2=" " tag="130"><subfield code="a">Cherry Creek news (Cherry Creek, N.Y. : 1888)</subfield></datafield><datafield ind1="1" ind2="0" tag="245"><subfield code="a">Cherry Creek news.</subfield></datafield><datafield ind1=" " ind2=" " tag="260"><subfield code="a">Cherry Creek, N.Y. :</subfield><subfield code="b">Chas. J. Shults</subfield></datafield><datafield ind1=" " ind2=" " tag="300"><subfield code="a">v.</subfield></datafield><datafield ind1=" " ind2=" " tag="310"><subfield code="a">Weekly</subfield></datafield><datafield ind1="0" ind2=" " tag="362"><subfield code="a">-v. 19, no. 37 (May 19, 1899).</subfield></datafield><datafield ind1=" " ind2=" " tag="588"><subfield code="a">Description based on: Vol. 7, no. 26 (July 13, 1888) = New. ser. v. 3, no. 31.</subfield></datafield><datafield ind1=" " ind2="4" tag="651"><subfield code="a">Cherry Creek (N.Y.)</subfield><subfield code="v">Newspapers.</subfield></datafield><datafield ind1=" " ind2=" " tag="752"><subfield code="a">United States</subfield><subfield code="b">New York</subfield><subfield code="c">Chautauqua</subfield><subfield code="d">Cherry Creek.</subfield></datafield><datafield ind1="0" ind2="0" tag="780"><subfield code="t">News (Cherry Creek, N.Y.)</subfield><subfield code="w">(DLC)sn 92062123</subfield><subfield code="w">(OCoLC)26715543</subfield></datafield><datafield ind1="0" ind2="0" tag="785"><subfield code="t">Weekly news (Cherry Creek, N.Y.)</subfield><subfield code="w">(DLC)sn 92062125</subfield></datafield></record>